@article{einstein,
    author = "Albert Einstein",
    title = "{Zur Elektrodynamik bewegter K{\"o}rper}. ({German})
    [{On} the electrodynamics of moving bodies]",
    journal = "Annalen der Physik",
    volume = "322",
    number = "10",
    pages = "891--921",
    year = "1905",
    DOI = "http://dx.doi.org/10.1002/andp.19053221004",
    keywords = "physics"
}


@book{dirac,
    title = {The Principles of Quantum Mechanics},
    author = {Paul Adrien Maurice Dirac},
    isbn = {9780198520115},
    series = {International series of monographs on physics},
    year = {1981},
    publisher = {Clarendon Press},
    keywords = {physics}
}
@online{DISCO,
    author = "Desconocido",
    title = "El disco duro es clave en la velocidad de la computadora.",
    url  = "Este contenido ha sido publicado originalmente por Diario EL COMERCIO en la siguiente dirección:
https://www.elcomercio.com/guaifai/disco-duro-clave-velocidad-computadora.html. Si está pensando en hacer uso del mismo, por favor, cite la fuente y haga un enlace hacia la nota original de donde usted ha tomado este contenido. ElComercio.com ",
    addendum = "(accessed: 01.09.2016)",
    keywords = "latex,knuth"
}
@online{Desconocido,
    author = "Desconocido",
    title = "Funcionamiento de la memoria de un computador",
    url  = "http://www.youbioit.com/es/article/shared-information/8714/como-funciona-la-memoria-de-una-computadora ",
    addendum = "(accessed: 01.09.2016)",
    keywords = "latex,knuth"
}
@online{Red,
    author = "Miguel Antonio Castillo",
    title = "Qué es la memoria caché L1, L2 y L3 y cómo funciona.",
    url  = "https://www.profesionalreview.com/2019/05/02/memoria-cache-l1-l2-y-l3/",
    addendum = "(accessed: 01.09.2016)",
    keywords = "latex,knuth"
}

@online{WEB,
    author = "Daniel Matus",
    title = "Esto es la memoria RAM, así funciona y esto es lo que necesitas.",
    url  = "https://es.digitaltrends.com/computadoras/memoria-ram-necesaria/",
    addendum = "(accessed: 01.09.2016)",
    keywords = "latex,knuth"
}

@online{UM,
    author = "Desconocido",
    title = "Gestión de Memoria.",
    url  = "https://sites.google.com/site/sisoper1/home/gestion-de-memoria",
    addendum = "(accessed: 01.09.2016)",
    keywords = "latex,knuth"
}


@inbook{knuth-fa,
    author = "Donald E. Knuth",
    title = "Fundamental Algorithms",
    publisher = "Addison-Wesley",
    year = "1973",
    chapter = "1.2",
    keywords  = "knuth,programming"
}